% Revisões Sistemáticas
@article{scherbakov2025emergence_RSL,
  title={The emergence of large language models as tools in literature reviews: a large language model-assisted systematic review},
  author={Scherbakov, Dmitry and Hubig, Nina and Jansari, Vinita and Bakumenko, Alexander and Lenert, Leslie A},
  journal={Journal of the American Medical Informatics Association},
  volume={32},
  number={6},
  pages={1071--1086},
  year={2025},
  publisher={Oxford University Press}
}

@misc{yehybrid_RSL,
  title={A hybrid semi-automated workflow for systematic and literature review processes with large language model analysis. Future Internet 16 (5), 167 (2024)},
  author={Ye, A and Maiti, A and Schmidt, M and Pedersen, SJ}
}

@inproceedings{alchokr2022supporting_RSL,
  title={Supporting systematic literature reviews using deep-learning-based language models},
  author={Alchokr, Rand and Borkar, Manoj and Thotadarya, Sharanya and Saake, Gunter and Leich, Thomas},
  booktitle={Proceedings of the 1st International Workshop on Natural Language-based Software Engineering},
  pages={67--74},
  year={2022}
}

@inproceedings{temporao2024rio,
  title={The Rio Quantum Network: a reconfigurable hybrid multi-user metropolitan quantum key distribution network},
  author={Tempor{\~a}o, Guilherme P and de Melo, Fernando RV Bandeira and Khoury, Antonio Z},
  booktitle={Workshop de Redes Qu{\^a}nticas},
  pages={19--24},
  year={2024},
  organization={SBC}
}

@article{abughanem2025ibm,
  title={IBM quantum computers: evolution, performance, and future directions},
  author={AbuGhanem, Muhammad},
  journal={The Journal of Supercomputing},
  volume={81},
  number={5},
  pages={687},
  year={2025},
  publisher={Springer}
}

@article{qi2021bennett,
  title={Bennett-Brassard 1984 quantum key distribution using conjugate homodyne detection},
  author={Qi, Bing},
  journal={Physical Review A},
  volume={103},
  number={1},
  pages={012606},
  year={2021},
  publisher={APS}
}

@article{alagic2022status,
  title={Status report on the third round of the NIST post-quantum cryptography standardization process},
  author={Alagic, Gorjan and Alagic, Gorjan and Apon, Daniel and Cooper, David and Dang, Quynh and Dang, Thinh and Kelsey, John and Lichtinger, Jacob and Liu, Yi-Kai and Miller, Carl and others},
  year={2022},
  publisher={US Department of Commerce, National Institute of Standards and Technology~…}
}

%LDA
@article{blei2003latent_LDA,
  title={Latent dirichlet allocation},
  author={Blei, David M and Ng, Andrew Y and Jordan, Michael I},
  journal={Journal of machine Learning research},
  volume={3},
  number={Jan},
  pages={993--1022},
  year={2003}
}

@article{egger2022topic_bertTOPIC,
  title={A topic modeling comparison between lda, nmf, top2vec, and bertopic to demystify twitter posts},
  author={Egger, Roman and Yu, Joanne},
  journal={Frontiers in sociology},
  volume={7},
  pages={886498},
  year={2022},
  publisher={Frontiers Media SA}
}

@article{seo2022ta_sentece_BERT,
  title={TA-SBERT: Token attention sentence-BERT for improving sentence representation},
  author={Seo, Jaejin and Lee, Sangwon and Liu, Ling and Choi, Wonik},
  journal={IEEE Access},
  volume={10},
  pages={39119--39128},
  year={2022},
  publisher={IEEE}
}

%%%
@article{kamil2025advances_semantic_search,
  title={Advances in Transformer-Based Semantic Search: Techniques, Benchmarks, and Future Directions},
  author={Kamil, Mohammad and {\c{C}}ak{\i}r, Duygu},
  journal={Turkish Journal of Mathematics and Computer Science},
  volume={17},
  number={1},
  pages={145--166},
  year={2025},
  publisher={Matematik{\c{c}}iler Derne{\u{g}}i}
}

%%%Trabalhos relacionados

@article{pham2021text,
  title={Text mining to support abstract screening for knowledge syntheses: a semi-automated workflow},
  author={Pham, Ba’ and Jovanovic, Jelena and Bagheri, Ebrahim and Antony, Jesmin and Ashoor, Huda and Nguyen, Tam T and Rios, Patricia and Robson, Reid and Thomas, Sonia M and Watt, Jennifer and others},
  journal={Systematic reviews},
  volume={10},
  number={1},
  pages={156},
  year={2021},
  publisher={Springer}
}

@article{galli2025large,
  title={Large Language Models in Systematic Review Screening: Opportunities, Challenges, and Methodological Considerations},
  author={Galli, Carlo and Gavrilova, Anna V and Calciolari, Elena},
  journal={Information},
  volume={16},
  number={5},
  pages={378},
  year={2025},
  publisher={MDPI}
}

@article{tsang2022artificial,
  title={Artificial intelligence in industrial design: A semi-automated literature survey},
  author={Tsang, Yung Po and Lee, Carman Ka Man},
  journal={Engineering Applications of Artificial Intelligence},
  volume={112},
  pages={104884},
  year={2022},
  publisher={Elsevier}
}

@article{ramesh2022automated,
  title={An automated essay scoring systems: a systematic literature review},
  author={Ramesh, Dadi and Sanampudi, Suresh Kumar},
  journal={Artificial Intelligence Review},
  volume={55},
  number={3},
  pages={2495--2527},
  year={2022},
  publisher={Springer}
}